@book{berger_liturgie_1990,
	address = {St. Ottilien},
	series = {Pietas {Liturgica}},
	title = {Liturgie und {Frauenfrage}. {Ein} {Beitrag} zur {Frauenforschung}  auf liturgiewissenschaftlicher {Sicht}},
	booktitle = {Liturgie und {Frauenfrage}. {Ein} {Beitrag}},
	editor = {Berger, Teresa and Gerhards, Albert},
	year = {1990},
	number = {7},
}

@book{angenendt_ehe_2015,
	address = {Münster},
	title = {Ehe, {Liebe} und {Sexualität} im {Christentum}. {Von} den {Anfängen} bis heute},
	author = {Angenendt, Arnold},
	year = {2015},
	edition = {4},
	pages = {25--98},
}

@article{remmen_sankt_2013,
	volume = {13/14},
	title = {Sankt {Qurinus} in {Neuss}. Äbtissin {Gepa} und {Papst} {Leo} in {Legende} und {Geschichte}},
	journal = {Analecta Coloniensia},
	author = {Remmen, Karl},
	year = {2013/2014},
	pages = {179--208},
	address = {Köln},
	number = {3}
}

@inreference{latzel_art_2005,
	title = {Art. {Claus} {Philipp} {Maria} {Schenk} {Graf} von {Stauffenberg}},
	number = {25},
	booktitle = {BBKL},
	author = {Lätzel, Martin},
	year = {2005},
	pages = {1339--1341},
	edition = {3}
}

@article{Summon-FETCH-pascalfrancis_primary_201346620,
title = {Elisabeth von Thüringen : Weiblichkeit zwischen Rollenerwartung und Rollenbruch},
author = {Muschiol, Gisela}, 
journal = {Zeitschrift für Kirchengeschichte},
address = {Berlin},
publisher = {Kohlhammer},
year = {2007},
issn ={0044-2925},
volume = {118},
pages = {348--366}
}

@incollection{Summon-FETCH-bonn_catalog_41737802,
title = {Die Kölner Kirche und ihre Erzbischöfe in den Jahrzehnten vor der 
Dreikönigstranslation 1164},
booktitle = {Reliquientranslation und Heiligenverehrung. 
Symposium zum 850jährigen Anniversaium der Dreikönigstranslation 1164},
series = {Libelli Rhenani},
number = {60},
author = {Schrör, Matthias},
editor = {Finger, Heinz},
institution = {Symposion zum 850jährigen Anniversarium der Dreikönigstranslation 1164 2014, Köln},
institution = {Erzbischöfliche Diözesan- und Dom-Bibliothek Köln},
address = {Köln},
year = {2015},
keywords ={Drei Könige, Heiligenverehrung, Konferenzschrift, Religion, Reliquie, Translation Katholische Kirche},
isbn ={3939160636, 9783939160632},
lccn = {K 106/151 (60)},
lccn = {W 2016/663},
lccn = {BO 1925 R471 (60)},
pages = {95-102}
}

@article{menke_ikaz,
	title = {Das Gottespostulat unbedingter Solidarität und seine Erfüllung durch Christus},
	author = {Menke, Karl-Heinz},
	journal={IkaZ},
	volume = {21},
	date = {1992},
	pages = {486--499}
	}
	
@book{claret_its,
	title = {Geheimnis des Bösen},
	subtitle = {Zur Diskussion um den Teufel},
	series = {ITS},
	number ={49},
	edition = {2},
	address = {Innsbruck and Wien},
	date = {2000},
	author = {Claret, Bernd J.},
	}


@inreference{Ziemer.2008b,
	url = {https://www.bibelwissenschaft.de/stichwort/17772/},
	author = {Ziemer, Benjamin},
	booktitle = {WiBiLex},
	title = {Eschkol},
	urldate = {2018-04-11},
	year = {2008}}


